@String{lncs = {Lecture Notes in Computer Science}}
@String{procecoop = {Proceedings of the European Conference on
    Object-Oriented Programming ({ECOOP})}}

@Book{lamport-1994-ladps,
    author =	{Lamport, Leslie},
    title =	{\LaTeX: A Document Preparation System},
    booktitle =	{\LaTeX: A Document Preparation System},
    year =	1994,
    edition =	2,
    publisher =	{Addison-Wesley},
    isbn =	0201529831,
}

@Book{bringhurst-2002-teots,
    author =	{Bringhurst, Robert},
    title =	{The Elements of Typographic Style},
    booktitle =	{The Elements of Typographic Style},
    year =	2002,
    edition =	{2.5},
    publisher =	{Hartley \& Marks},
    isbn =	0881791326,
}

@InProceedings{kiczales-1997-aop,
    author =    {Kiczales, Gregor and Lamping, John and
		    Mendhekar, Anurag and Maeda, Chris and
		    Lopes, Cristina and Loingtier, Jean-Marc
		    and Irwin, John},
    title =     {Aspect-Oriented Programming},
    booktitle = procecoop,
    year =	1997,
    series =    lncs,
    volume =    2591,
    pages =     {220--242},
    keywords =  {aop, aspect-oriented programming},
    online =	{http://www.parc.xerox.com/csl/groups/sda/pubs/papers/Kiczal
es-ECOOP97/for-web.pdf},
}

@article{oldenburg2005inversion,
  title={Inversion for applied geophysics: A tutorial},
  author={Oldenburg, Douglas W and Li, Yaoguo},
  journal={Investigations in geophysics},
  volume={13},
  pages={89--150},
  year={2005}
}

@article{dannemiller2006MagDirection,
  title={A new method for determination of magnetization direction},
  author={Dannemiller, Neal and Li, Yaoguo},
  journal={Geophysics},
  volume={71},
  number={6},
  pages={L69--L73},
  year={2006},
  publisher={Society of Exploration Geophysicists}
}

@inproceedings{harder2006geologyTKC,
  title={Geology of the DO27 pipe: a pyroclastic kimberlite in the Lac de Gras province, NWT, Canada},
  author={Harder, Margaret and Hetman, Casey and Scott Smith, B and Pell, Jennifer},
  booktitle={Long abstracts, Kimberlite Emplacement Workshop, Saskatoon, Sask. Available at http://www. venuewest. com/8IKC/files/14\% 20Harder. pdf [accessed 18 June 2008]},
  year={2006}
}