@article{oldenburg2005inversion,
  title={Inversion for applied geophysics: A tutorial},
  author={Oldenburg, Douglas W and Li, Yaoguo},
  journal={Investigations in geophysics},
  volume={13},
  pages={89--150},
  year={2005}
}

@article{dannemiller2006MagDirection,
  title={A new method for determination of magnetization direction},
  author={Dannemiller, Neal and Li, Yaoguo},
  journal={Geophysics},
  volume={71},
  number={6},
  pages={L69--L73},
  year={2006},
  publisher={Society of Exploration Geophysicists}
}

@inproceedings{harder2006geologyTKC,
  title={Geology of the DO27 pipe: a pyroclastic kimberlite in the Lac de Gras province, NWT, Canada},
  author={Harder, Margaret and Hetman, Casey and Scott Smith, B and Pell, Jennifer},
  booktitle={Long abstracts, Kimberlite Emplacement Workshop, Saskatoon, Sask. Available at http://www. venuewest. com/8IKC/files/14\% 20Harder. pdf [accessed 18 June 2008]},
  year={2006}
}

@article{li19963,
  title={3-D inversion of magnetic data},
  author={Li, Yaoguo and Oldenburg, Douglas W},
  journal={Geophysics},
  volume={61},
  number={2},
  pages={394--408},
  year={1996},
  publisher={Society of Exploration Geophysicists}
}

@article{pilkington19973,
  title={3-D magnetic imaging using conjugate gradients},
  author={Pilkington, Mark},
  journal={Geophysics},
  volume={62},
  number={4},
  pages={1132--1142},
  year={1997},
  publisher={Society of Exploration Geophysicists}
}

@phdthesis{fournier2015cooperative,
  title={A cooperative magnetic inversion method with Lp-norm regularization},
  author={Fournier, Dominique},
  year={2015},
  school={University of British Columbia}
}

@article{Lelievre2009Integrating,
  title={Integrating Geologic and Geophysical Data Through Advanced Constrained Iinversion},
  author={Lelievre, Peter George},
  year={2009},
  publisher={University of British Columbia}
}

@article{williams2008geologically,
  title={Geologically-constrained UBC--GIF gravity and magnetic inversions with examples from the Agnew-Wiluna greenstone belt, Western Australia},
  author={Williams, Nicholas Cory},
  year={2008},
  publisher={University of British Columbia}
}

@misc{collinson1983methods,
  title={Methods in Rock Magnetism and Palaeomagnetism, 503 pp},
  author={Collinson, DW},
  year={1983},
  publisher={Chapman and Hall, London}
}

@article{clark1991notes,
  title={Notes on rock magnetization characteristics in applied geophysical studies},
  author={Clark, DA and Emerson, DW},
  journal={Exploration Geophysics},
  volume={22},
  number={3},
  pages={547--555},
  year={1991},
  publisher={Australian Society of Exploration Geophysicists (ASEG) PO Box 8463, Perth Business Centre WA 6849 Australia}
}

@article{lelievre2006magnetic,
  title={Magnetic forward modelling and inversion for high susceptibility},
  author={Lelievre, Peter G and Oldenburg, Douglas W},
  journal={Geophysical Journal International},
  volume={166},
  number={1},
  pages={76--90},
  year={2006},
  publisher={Oxford University Press}
}

@article{phillips2002geophysical,
  title={Geophysical inversion in an integrated exploration program: Examples from the San Nicolas deposit},
  author={Phillips, Nigel David},
  year={2002}
}